<record><leader>00000cas a2200000 a 4500</leader><controlfield tag="001">12066795</controlfield><controlfield tag="008">850522d18671877iluwr ne      0    0eng c</controlfield><datafield ind1=" " ind2=" " tag="010"><subfield code="a">sn 85033571 </subfield></datafield><datafield ind1=" " ind2=" " tag="040"><subfield code="a">NPU</subfield><subfield code="b">eng</subfield><subfield code="c">NPU</subfield><subfield code="d">NVF</subfield><subfield code="d">OCLCQ</subfield><subfield code="d">OCLCF</subfield><subfield code="d">OCLCO</subfield></datafield><datafield ind1="1" ind2=" " tag="029"><subfield code="a">AU@</subfield><subfield code="b">000020379170</subfield></datafield><datafield ind1=" " ind2=" " tag="042"><subfield code="a">pcc</subfield></datafield><datafield ind1=" " ind2=" " tag="043"><subfield code="a">n-us-il</subfield></datafield><datafield ind1="0" ind2=" " tag="130"><subfield code="a">Decatur Republican (Decatur, Ill. : Weekly)</subfield></datafield><datafield ind1="1" ind2="4" tag="245"><subfield code="a">The Decatur Republican.</subfield></datafield><datafield ind1=" " ind2=" " tag="260"><subfield code="a">Decatur, Ill. :</subfield><subfield code="b">Stanley &amp; Mosser,</subfield><subfield code="c">1867-1877.</subfield></datafield><datafield ind1=" " ind2=" " tag="300"><subfield code="a">v.</subfield></datafield><datafield ind1=" " ind2=" " tag="310"><subfield code="a">Weekly</subfield></datafield><datafield ind1="0" ind2=" " tag="362"><subfield code="a">Vol. 1, no. 2 (Aug. 8, 1867)-v. 11, no. 11 (Oct. 11, 1877).</subfield></datafield><datafield ind1=" " ind2=" " tag="580"><subfield code="a">Daily eds.: Daily Decatur Republican, &lt;1869&gt;-1872, and: Daily Republican (Decatur, Ill. : 1872), 1872-1875, and: Decatur daily Republican, 1875-&lt;1877&gt;</subfield></datafield><datafield ind1=" " ind2="0" tag="651"><subfield code="a">Decatur (Ill.)</subfield><subfield code="v">Newspapers.</subfield></datafield><datafield ind1=" " ind2="7" tag="655"><subfield code="a">Newspapers.</subfield><subfield code="2">fast</subfield><subfield code="0">(OCoLC)fst01423814</subfield></datafield><datafield ind1=" " ind2="7" tag="651"><subfield code="a">Illinois</subfield><subfield code="z">Decatur.</subfield><subfield code="2">fast</subfield><subfield code="0">(OCoLC)fst01208165</subfield></datafield><datafield ind1=" " ind2=" " tag="752"><subfield code="a">United States</subfield><subfield code="b">Illinois</subfield><subfield code="c">Macon</subfield><subfield code="d">Decatur.</subfield></datafield><datafield ind1="1" ind2=" " tag="775"><subfield code="t">Daily Decatur Republican</subfield><subfield code="w">(DLC)sn 90054693</subfield><subfield code="w">(OCoLC)22713754</subfield></datafield><datafield ind1="1" ind2=" " tag="775"><subfield code="t">Daily Republican (Decatur, Ill. : 1872)</subfield><subfield code="w">(DLC)sn 90054694</subfield><subfield code="w">(OCoLC)22713824</subfield></datafield><datafield ind1="1" ind2=" " tag="775"><subfield code="t">Decatur daily Republican</subfield><subfield code="w">(DLC)sn 84038412</subfield><subfield code="w">(OCoLC)11307990</subfield></datafield><datafield ind1="0" ind2="0" tag="785"><subfield code="t">Decatur weekly Republican</subfield><subfield code="w">(DLC)sn2006061018</subfield><subfield code="w">(OCoLC)71804396</subfield></datafield></record>